@misc{poly_bertrand_maury,
    author = {Bertrand Maury},
    title = {Cours de modélisation mathématique},
    year ={2024} 
}

@phdthesis{these_remi_coulaud,
    author = {Rémi Coulaud},
    title = {Modélisation et prévision des variables d’exploitation ferroviaire et de flux de voyageurs
en zone dense},
    school = {Université Paris-Saclay},
    year = {2022}
}

@MISC{OpenData_NASA,
    author="NASA",
    howpublished = "\url{https://data.nasa.gov/Space-Science/Meteorite-Landings/gh4g-9sfh/about_data}",
    title = "Meteorite Landings",
    note = "Visité le 30/03/25"
}

@MISC{Convention_nommage_meteorites,
    author="The Meteoritical Society",
    howpublished = "\url{https://www.lpi.usra.edu/meteor/docs/nc-guidelines-2015-february.htm}",
    title = "GUIDELINES FOR METEORITE NOMENCLATURE",
    note = "Visité le 30/03/25"
}

@MISC{Classification_meteorites,
    author="The Earth's Memory SARL",
    howpublished = "\url{http://www.meteorite.fr/en/classification/}",
    title = "Meteorites.fr - Classification",
    note = "Visité le 30/03/25"
}

@MISC{BDD_centralisees,
    howpublished = "\url{https://www.lpi.usra.edu/meteor/metbull.php
    }",
    author="The Meteoritical Society",
    title = "Meteoritical Bulletin",
    note = "Visité le 30/03/25"
}

@MISC{Mission_recherche_antartictique,
    howpublished = "\url{https://caslabs.case.edu/ansmet/faqs/}",
    author="Case Western Reserve University",
    title = "ANSMET, The Antarctic Search for Meteorites",
    note = "Visité le 30/03/25"
}

@MISC{MetCat,
    howpublished = "\url{https://data.nhm.ac.uk/dataset/metcat/resource/96dc3c09-49fd-4af6-b2fb-5a48a76d09ee}",
    author="Natural History Museum",
    title = "Catalogue of Meteorites (MetCat)",
    note = "Visité le 30/03/25"
}

@MISC{Natural_Earth,
    howpublished = "\url{https://www.naturalearthdata.com/}",
    author="Natural Earth",
    title = "Natural Earth - Free vector and raster map data",
    note = "Visité le 11/04/25"
}



@article{Article_Canada_1970,
    author = {Ian Halliday et al.},
    title = {The flux of meteorites on the Earth's surface},
    journal = {Meteoritics & Planetary Science},
    year = {1989},
    DOI = "https://doi.org/10.1111/j.1945-5100.1989.tb00959.x"
}


@BOOK{analysing_spacial_points,
    AUTHOR="Adrian Baddeley, Ege Rubak and Rolf Turner",
    TITLE="Analysing spatial point patterns in R",
    PUBLISHER="Chapman & Hall",
    YEAR="2015",
}
