@misc{poly_bertrand_maury,
    author = {Bertrand Maury},
    title = {Cours de modélisation mathématique},
    year ={2024} 
}

@misc{poly_quentin_merigot,
    author = {Quentin Merigot},
    title = {Algorithmes d'optimisation},
    year ={2020} 
}

@misc{poly_françois,
    author = {François Schwarzentruber},
    title = {Cours de probabilités et statistiques},
    year ={2024} 
}

@phdthesis{these_remi_coulaud,
    author = {Rémi Coulaud},
    title = {Modélisation et prévision des variables d’exploitation ferroviaire et de flux de voyageurs
en zone dense},
    school = {Université Paris-Saclay},
    year = {2022}
}